@book{lint,
  title={Lint, a C program checker},
  author={Johnson, Stephen C},
  year={1977},
  publisher={Bell Telephone Laboratories Murray Hill}
}

@inproceedings{cook1971complexity,
  title={The complexity of theorem-proving procedures},
  author={Cook, Stephen A},
  booktitle={Proceedings of the third annual ACM symposium on Theory of computing},
  pages={151--158},
  year={1971}
}

@article{lingeling,
  title={Lingeling and friends entering the SAT Challenge 2012},
  author={Biere, Armin},
  journal={Proceedings of SAT Challenge},
  pages={33--34},
  year={2012},
  note={the Lingeling solver is available at \url{http://fmv.jku.at/lingeling}}
}

@Misc{ESLint,
  author = {{ESLint Team}},
  title =  {{ESLint: Find and fix problems in your JavaScript code}},
  year =   {2021},
  note =   {available at \url{https://eslint.org}}
}

@Misc{Clippy,
  author = {{Rust Team}},
  title =  {{Clippy: A collection of lints to catch common mistakes and improve your Rust code}},
  year =   {2021},
  note =   {available at \url{https://github.com/rust-lang/rust-clippy}}
}

@Misc{mypy,
  author = {{Mypy Team}},
  title =  {{Mypy: Optional static typing for Python 3 and 2 (PEP 484)}},
  year =   {2021},
  note =   {available at \url{http://mypy-lang.org}}
}

@Misc{mznbook,
  author = {{MiniZinc Team}},
  title =  {{The MiniZinc Handbook}},
  year =   {2021},
  note =   {available at \url{https://www.minizinc.org/doc-2.5.5/en/index.html}}
}

@Misc{mznbench,
  author = {{MiniZinc Team and others}},
  title =  {{The MiniZinc Benchmarks}},
  year =   {2021},
  note =   {available at \url{https://github.com/MiniZinc/minizinc-benchmarks}}
}

@Misc{shellcheck,
  author = {{ShellCheck Team}},
  title =  {{ShellCheck, a static analysis tool for shell scripts}},
  year =   {2021},
  note =   {source code available at \url{https://github.com/koalaman/shellcheck}, official website at \url{https://www.shellcheck.net}}
}

@book{flexbison,
  title={Flex \& Bison: Text Processing Tools},
  author={Levine, John},
  year={2009},
  month={August},
  isbn={9780596155971},
  publisher={{O'Reilly Media, Inc.}}
}

@book{cpp,
    author    = {{ISO/IEC 14882:2020(E)}},
    year      = {2020},
    month     = {December},
    title     = {Programming Language C++},
    address   = {Vernier, Geneva, Switzerland},
    edition   = {6},
    publisher = {International Organization for Standardization},
    note      = {standard available at \url{https://www.iso.org/standard/79358.html},
                 official website at \url{https://isocpp.org}},
}

@book{DesignPatterns94,
  title={Design Patterns: Elements of Reusable Object-Oriented Software},
  year={1994},
  author={Erich Gamma and Richard Helm and Ralph Johnson and John Vlissides},
  isbn={9780201633610},
  edition={1},
  publisher={Addison-Wesley Professional}
}